<?xml version="1.0" encoding="UTF-8"?><collection xmlns="http://www.loc.gov/MARC21/slim"><record><leader>00944nam--2200217-i-4500</leader><controlfield tag="001">000013588</controlfield><controlfield tag="002">20161230</controlfield><controlfield tag="005">20161230201030</controlfield><controlfield tag="008">060222s1000------------r-----000-0-eng-d</controlfield><datafield ind1=" " ind2=" " tag="020"><subfield code="a">0125499027</subfield></datafield><datafield ind1=" " ind2=" " tag="040"><subfield code="a">IFIN-HH</subfield></datafield><datafield ind1=" " ind2=" " tag="080"><subfield code="a">539.1.074.3</subfield></datafield><datafield ind1="1" ind2=" " tag="100"><subfield code="a">Peng, Chin-tzu</subfield></datafield><datafield ind1="1" ind2="0" tag="245"><subfield code="a">Liquid scintillation counting recent applications and development physical aspects</subfield><subfield code="b">Proceedings of the international conference on liquid scintillation counting recent applications and development held in the university of california, san francisco, california, august 21-24, 1979</subfield><subfield code="c">Chin-tzu peng, donald l. horrocks, edward l. alpen (eds.)</subfield></datafield><datafield ind1=" " ind2=" " tag="260"><subfield code="a">New York, 1980 Xx + 538 P</subfield><subfield code="b">Academic Press</subfield><subfield code="c">1980</subfield></datafield><datafield ind1=" " ind2=" " tag="300"><subfield code="a">2 VOLUME</subfield></datafield><datafield ind1=" " ind2=" " tag="490"><subfield code="a">Academic Press Rapid Manuscript Reproduction</subfield></datafield><datafield ind1="1" ind2=" " tag="700"><subfield code="a">Horrocks, L</subfield><subfield code="e">Ed</subfield></datafield><datafield ind1="1" ind2=" " tag="787"><subfield code="a">Volume 2</subfield><subfield code="h">538p</subfield><subfield code="t">Sample Preparation And Applications</subfield></datafield><datafield ind1=" " ind2=" " tag="852"><subfield code="a">49015</subfield><subfield code="c">539.1.07:539.1.08</subfield></datafield><datafield ind1=" " ind2=" " tag="CAT"><subfield code="a">Sys</subfield><subfield code="c">20111027</subfield><subfield code="h">163158</subfield></datafield></record></collection>